<record><leader>00000cas a22000007a 4500</leader><controlfield tag="001">17358885</controlfield><controlfield tag="008">880119d184u18uuohuwr ne      0    0eng d</controlfield><datafield ind1=" " ind2=" " tag="010"><subfield code="a">sn 88078213 </subfield></datafield><datafield ind1=" " ind2=" " tag="040"><subfield code="a">ONP</subfield><subfield code="b">eng</subfield><subfield code="c">ONP</subfield><subfield code="d">OCLCQ</subfield></datafield><datafield ind1=" " ind2=" " tag="042"><subfield code="a">msc</subfield></datafield><datafield ind1="0" ind2="0" tag="245"><subfield code="a">Zanesville weekly courier.</subfield></datafield><datafield ind1=" " ind2=" " tag="260"><subfield code="a">Zanesville [Ohio] :</subfield><subfield code="b">D.H. Lyman</subfield></datafield><datafield ind1=" " ind2=" " tag="310"><subfield code="a">Weekly</subfield></datafield><datafield ind1=" " ind2=" " tag="580"><subfield code="a">Daily eds.: Zanesville courier (Zanesville, Ohio : 1847 : Daily), and: Daily Zanesville courier (Zanesville, Ohio : 1852).</subfield></datafield><datafield ind1=" " ind2=" " tag="580"><subfield code="a">Triweekly eds.: Tri-weekly courier (Zanesville, Ohio), and: Zanesville courier (Zanesville, Ohio : 1847 : Triweekly).</subfield></datafield><datafield ind1=" " ind2=" " tag="588"><subfield code="a">Description based on: New ser., v. 1, no. 43 (Aug. 21, 1846).</subfield></datafield><datafield ind1=" " ind2=" " tag="752"><subfield code="a">United States</subfield><subfield code="b">Ohio</subfield><subfield code="c">Muskingum</subfield><subfield code="d">Zanesville.</subfield></datafield><datafield ind1="1" ind2=" " tag="775"><subfield code="t">Zanesville courier (Zanesville, Ohio : 1847 : Daily)</subfield><subfield code="w">(DLC)sn 84028829</subfield></datafield><datafield ind1="1" ind2=" " tag="775"><subfield code="t">Daily Zanesville courier (Zanesville, Ohio : 1852)</subfield><subfield code="w">(DLC)sn 85026351</subfield></datafield><datafield ind1="1" ind2=" " tag="775"><subfield code="t">Tri-weekly courier (Zanesville, Ohio)</subfield><subfield code="w">(DLC)sn 84028827</subfield></datafield><datafield ind1="1" ind2=" " tag="775"><subfield code="t">Zanesville courier (Zanesville, Ohio : 1847 : Triweekly)</subfield><subfield code="w">(DLC)sn 84028828</subfield></datafield><datafield ind1="0" ind2="0" tag="785"><subfield code="t">Weekly Zanesville courier</subfield><subfield code="w">(DLC)sn 85026352</subfield></datafield></record>